ISA*00*          *00*          *ZZ*330897513      *ZZ*AAMA           *220217*0750*^*00501*923137652*0*P*:~GS*HP*330897513*AAMA*20220217*0750*923137652*X*005010X221A1~ST*835*0001~BPR*I*96.77*C*ACH*CCP*01*012210527*DA*0529788697*1860004538**01*012210170*DA*457036634996*20220216~TRN*1*728232232*1860004538~DTM*405*20220216~N1*PR*BLUE CROSS AND BLUE SHIELD OF ARIZONA, INC.~N3*P.O. BOX 13466~N4*PHOENIX*AZ*850023466~PER*BL*ESOLUTIONS BCBSAZ*TE*6028644844*TE*8006505656~N1*PE*AFROZA AHMED MD*XX*1104284595~N3*1130 E MISSOURI AVE STE 800~N4*PHOENIX*AZ*850142726~REF*TJ*813619094~LX*1~CLP*357850350*1*185*96.77*20*12*530220422356800~NM1*QC*1*RAY*SAMARPITA****MI*XDP622M91539~NM1*IL*1*RAY*SAMARPITA****MI*XDP622M91539~REF*1L*000ITS001~REF*1W*XDP622M9153900~DTM*050*20220211~PER*CX**TE*6028644320*TE*8002322345*EX*4320~SVC*HC:90837:95*185*96.77~DTM*472*20220208~CAS*CO*45*68.23~CAS*PR*3*20~REF*6R*830762243L947363602~AMT*B6*116.77~SE*27*0001~GE*1*923137652~IEA*1*923137652~