ISA*00*          *00*          *ZZ*330897513      *ZZ*BFONTANE       *211231*1208*^*00501*907566064*0*P*:~GS*HP*330897513*BFONTANE*20211231*1208*907566064*X*005010X221A1~ST*835*0001~BPR*I*148.91*C*ACH*CCP*01*042100272*DA*7480795058*1591031071**01*021100361*DA*449726046*20211231~TRN*1*603900584591*1591031071~REF*EV*330897513~REF*F2*GWFC~DTM*405*20211228~N1*PR*GREATWESTHEALTHCARE-CIGNA~N3*8505 E. ORCHARD RD~N4*GREENWOOD VILLAGE*CO*80111~REF*2U*80705~PER*BL*EDI HELP DESK*TE*8008103388~PER*CX*GWHC_EDIPROD*EM*EDIESCALATEDREQUESTS@CIGNA.COM*TE*8008103388~N1*PE*BARBARA FONTANE*XX*1205801511~N3*1623 3RD AVE*STE 201~N4*NEW YORK*NY*101283638~REF*PQ*200050684072~REF*TJ*611723289~LX*1~TS3*1205801511*02*20211231*1*570~CLP*352230984*1*570*148.91*15*13*213241300800*02*1~NM1*QC*1*ADEIGBOLA*KWAKU****MI*10483607200~REF*1L*00624816~REF*CE*OPEN ACCESS PLUS~DTM*232*20211223~DTM*233*20211223~DTM*050*20211227~AMT*AU*163.91~SVC*HC:99214:95*270*82.91~CAS*CO*45*172.09~CAS*PR*3*15~REF*APC*0~REF*6R*825275311L933153023~AMT*B6*97.91~SVC*HC:90836:95*300*66~CAS*CO*45*234~REF*APC*0~REF*6R*825275311L933153024~AMT*B6*66~SE*39*0001~GE*1*907566064~IEA*1*907566064~