ISA*00*          *00*          *ZZ*330897513      *ZZ*MEDVERTEXTPT   *181004*1207*^*00501*561843869*0*P*:~GS*HP*330897513*MEDVERTEXTPT*20181004*1207*561843869*X*005010X221A1~ST*835*0001~BPR*I*2043.88*C*ACH*CCP*01*061000052*DA*3299782716*1580469845**01*061209332*DA*1323062*20181005~TRN*1*3384218832*1580469845~REF*EV*WGA~DTM*405*20181003~N1*PR*BLUECROSS BLUESHIELD OF GEORGIA~N3*PO BOX 7368   GA083E-0014~N4*COLUMBUS*GA*31908~PER*CX**TE*8335972363~PER*BL*EDI SOLUTIONS*TE*8004709630*EM*E-SOLUTIONS.SUPPORT@BCBSGA.COM~PER*IC**UR*WWW.BCBSGA.COM~N1*PE*THRIVE PHYSICAL THERAPY*XX*1548438955~N3*511 GORDON AVE~N4*THOMASVILLE*GA*31792~REF*TJ*262288541~LX*1~CLP*225640267*1*165*90.96**HM*2018271CQ1498~NM1*QC*1*ZAPATA*YNEZ****MI*JRA027M92092~NM1*IL*1*ZAPATA*YNEZ****MI*JRA027M92092~NM1*74*1*ZAPATA*MARCELINO~NM1*82*1*MULLER*DAWN****XX*1356548036~REF*1W*027M92092~DTM*050*20180928~SVC*HC:97140:GP*55*25.56~DTM*472*20180926~CAS*CO*45*29.44*1~REF*6R*704583569L621235381~AMT*B6*25.56~SVC*HC:97110:GP*55*28.18~DTM*472*20180926~CAS*CO*45*26.82*1~REF*6R*704583569L621235382~AMT*B6*28.18~SVC*HC:97530:59:GP*55*37.22***HC:97530:GP~DTM*472*20180926~CAS*CO*45*17.78*1~REF*6R*704583569L621235383~AMT*B6*37.22~CLP*225755804*1*275*144.7**HM*2018274BH4854~NM1*QC*1*ZAPATA*YNEZ****MI*JRA027M92092~NM1*IL*1*ZAPATA*YNEZ****MI*JRA027M92092~NM1*74*1*ZAPATA*MARCELINO~NM1*82*1*MULLER*DAWN****XX*1356548036~REF*1W*027M92092~DTM*050*20181001~SVC*HC:97110:GP*110*56.36**2~DTM*472*20180927~CAS*CO*45*53.64*2~REF*6R*704695658L621526565~AMT*B6*56.36~SVC*HC:97530:59:GP*55*37.22***HC:97530:GP~DTM*472*20180927~CAS*CO*45*17.78*1~REF*6R*704695658L621526566~AMT*B6*37.22~SVC*HC:97140:GP*110*51.12**2~DTM*472*20180927~CAS*CO*45*58.88*2~REF*6R*704695658L621526567~AMT*B6*51.12~CLP*225208585*1*257*132.11**15*2018268BK5653~NM1*QC*1*ARRASTIA CHISHOLM*MEAGAN****MI*483M80960~NM1*IL*1*ARRASTIA CHISHOLM*MEAGAN****MI*483M80960~NM1*74*1*ARRASTIA-CHISHOL*MEAGAN*C~NM1*82*1*MULLER*DAWN****XX*1356548036~REF*1W*483M80960~DTM*050*20180925~SVC*HC:97110:GP*55*28.18~DTM*472*20180921~CAS*CO*45*26.82*1~REF*6R*704185307L620195539~AMT*B6*28.18~SVC*HC:97112:GP*110*64.12**2~DTM*472*20180921~CAS*CO*45*45.88*2~REF*6R*704185307L620195540~AMT*B6*64.12~SVC*HC:97140:GP*55*25.56~DTM*472*20180921~CAS*CO*45*29.44*1~REF*6R*704185307L620195541~AMT*B6*25.56~SVC*HC:97014:GP*37*14.25~DTM*472*20180921~CAS*CO*45*22.75*1~REF*6R*704185307L620195542~AMT*B6*14.25~CLP*225208961*1*220*97.39*24.34*15*2018268BK5654~NM1*QC*1*CAMPBELL*KINSEY****MI*292M95668~NM1*IL*1*CAMPBELL*KINSEY****MI*292M95668~NM1*74*1*CAMPBELL*IAN*R~NM1*82*1*MULLER*DAWN****XX*1356548036~REF*1W*292M95668~DTM*050*20180925~SVC*HC:97112:GP*165*76.94**3~DTM*472*20180921~CAS*CO*45*68.83*3~CAS*PR*2*19.23*3~REF*6R*704185311L620195550~AMT*B6*96.17~SVC*HC:97140:GP*55*20.45~DTM*472*20180921~CAS*CO*45*29.44*1~CAS*PR*2*5.11*1~REF*6R*704185311L620195551~AMT*B6*25.56~CLP*225208807*1*202*0*97.43*12*2018268BK5655~NM1*QC*1*JOHNSON*MELISSA*R***MI*387M94756~NM1*IL*1*JOHNSON*MELISSA*R***MI*387M94756~NM1*74*1*JOHNSON*CHARLES*E~NM1*82*1*MULLER*DAWN****XX*1356548036~REF*1W*387M94756~DTM*050*20180925~SVC*HC:97140:GP*110*0**2~DTM*472*20180921~CAS*CO*45*58.88*2~CAS*PR*1*51.12*2~REF*6R*704185310L620195547~AMT*B6*51.12~SVC*HC:97112:GP*55*0~DTM*472*20180921~CAS*CO*45*22.94*1~CAS*PR*1*32.06*1~REF*6R*704185310L620195548~AMT*B6*32.06~SVC*HC:97014:GP*37*0~DTM*472*20180921~CAS*CO*45*22.75*1~CAS*PR*1*14.25*1~REF*6R*704185310L620195549~AMT*B6*14.25~CLP*225209137*1*327*166.75**12*2018268BK5656~NM1*QC*1*BLACKWELL*ANNA*B***MI*761M92404~NM1*IL*1*BLACKWELL*ANNA*B***MI*761M92404~NM1*74*1*PITTMAN*RICHARD*B~NM1*82*1*MULLER*DAWN****XX*1356548036~REF*1W*761M92404~DTM*050*20180925~SVC*HC:97162:GP*162*77.07~DTM*472*20180921~CAS*CO*45*84.93*1~REF*6R*704185312L620195552~AMT*B6*77.07~SVC*HC:97112:GP*110*64.12**2~DTM*472*20180921~CAS*CO*45*45.88*2~REF*6R*704185312L620195553~AMT*B6*64.12~SVC*HC:97140:GP*55*25.56~DTM*472*20180921~CAS*CO*45*29.44*1~REF*6R*704185312L620195554~AMT*B6*25.56~CLP*225360463*1*220*115.24**12*2018269CX6780~NM1*QC*1*BLACKWELL*ANNA*B***MI*761M92404~NM1*IL*1*BLACKWELL*ANNA*B***MI*761M92404~NM1*74*1*PITTMAN*RICHARD*B~NM1*82*1*MULLER*DAWN****XX*1356548036~REF*1W*761M92404~DTM*050*20180926~SVC*HC:97112:GP*110*64.12**2~DTM*472*20180925~CAS*CO*45*45.88*2~REF*6R*704325870L620557962~AMT*B6*64.12~SVC*HC:97140:GP*110*51.12**2~DTM*472*20180925~CAS*CO*45*58.88*2~REF*6R*704325870L620557963~AMT*B6*51.12~CLP*225360366*1*275*151.2**15*2018269CX6784~NM1*QC*1*ARRASTIA CHISHOLM*MEAGAN****MI*483M80960~NM1*IL*1*ARRASTIA CHISHOLM*MEAGAN****MI*483M80960~NM1*74*1*ARRASTIA-CHISHOL*MEAGAN*C~NM1*82*1*MULLER*DAWN****XX*1356548036~REF*1W*483M80960~DTM*050*20180926~SVC*HC:97110:GP*110*56.36**2~DTM*472*20180925~CAS*CO*45*53.64*2~REF*6R*704325867L620557951~AMT*B6*56.36~SVC*HC:97112:GP*55*32.06~DTM*472*20180925~CAS*CO*45*22.94*1~REF*6R*704325867L620557952~AMT*B6*32.06~SVC*HC:97530:59:GP*55*37.22***HC:97530:GP~DTM*472*20180925~CAS*CO*45*17.78*1~REF*6R*704325867L620557953~AMT*B6*37.22~SVC*HC:97140:GP*55*25.56~DTM*472*20180925~CAS*CO*45*29.44*1~REF*6R*704325867L620557954~AMT*B6*25.56~CLP*225359841*1*220*91.31*30.43*12*2018269CX6787~NM1*QC*1*MANSBERGER*LUKE*G***MI*972M92392~NM1*82*1*MULLER*DAWN****XX*1356548036~REF*1W*972M92392~DTM*050*20180926~SVC*HC:97140:GP*55*19.17~DTM*472*20180924~CAS*CO*45*29.44*1~CAS*PR*2*6.39*1~REF*6R*704325194L620555869~AMT*B6*25.56~SVC*HC:97112:GP*110*48.09**2~DTM*472*20180924~CAS*CO*45*45.88*2~CAS*PR*2*16.03*2~REF*6R*704325194L620555870~AMT*B6*64.12~SVC*HC:97112:GP*55*24.05~DTM*472*20180924~CAS*CO*45*22.94*1~CAS*PR*2*8.01*1~REF*6R*704325194L620555871~AMT*B6*32.06~CLP*225360456*1*220*121.73**15*2018269CX6792~NM1*QC*1*BRANDON*TINA*M***MI*977A69216~NM1*IL*1*BRANDON*TINA*M***MI*977A69216~NM1*74*1*BRANDON*CLAUDE W~NM1*82*1*MULLER*DAWN****XX*1356548036~REF*1W*977A69216~DTM*050*20180926~SVC*HC:97112:GP*165*96.17**3~DTM*472*20180925~CAS*CO*45*68.83*3~REF*6R*704325869L620557960~AMT*B6*96.17~SVC*HC:97140:GP*55*25.56~DTM*472*20180925~CAS*CO*45*29.44*1~REF*6R*704325869L620557961~AMT*B6*25.56~CLP*225359662*1*165*0*81.92*12*2018269CX6795~NM1*QC*1*JOHNSON*MELISSA*R***MI*387M94756~NM1*IL*1*JOHNSON*MELISSA*R***MI*387M94756~NM1*74*1*JOHNSON*CHARLES*E~NM1*82*1*MULLER*DAWN****XX*1356548036~REF*1W*387M94756~DTM*050*20180926~SVC*HC:97140:GP*55*0~DTM*472*20180924~CAS*CO*45*29.44*1~CAS*PR*1*25.56*1~REF*6R*704325189L620555857~AMT*B6*25.56~SVC*HC:97110:GP*110*0**2~DTM*472*20180924~CAS*CO*45*53.64*2~CAS*PR*1*56.36*2~REF*6R*704325189L620555858~AMT*B6*56.36~CLP*225359889*1*275*141.27*10*15*2018269CX6796~NM1*QC*1*PIERCE*REVA*J***MI*VGD278M91916~REF*1W*278M91916~DTM*050*20180926~SVC*HC:97112:GP*165*81.75**3~DTM*472*20180924~CAS*CO*45*73.25*3~CAS*PR*3*10*3~REF*6R*704325196L620555874~AMT*B6*91.75~SVC*HC:97140:GP*55*24.47~DTM*472*20180924~CAS*CO*45*30.53*1~REF*6R*704325196L620555875~AMT*B6*24.47~SVC*HC:97530:59:GP*55*35.05***HC:97530:GP~DTM*472*20180924~CAS*CO*45*19.95*1~REF*6R*704325196L620555876~AMT*B6*35.05~CLP*225359759*1*220*70.48*50*15*2018269CX6797~NM1*QC*1*HIERS*LINDSEY*M***MI*ETZ245A64640~NM1*IL*1*HIERS*LINDSEY*M***MI*ETZ245A64640~NM1*74*1*HIERS*TIMOTHY*F~NM1*82*1*MULLER*DAWN****XX*1356548036~REF*1W*245A64640~DTM*050*20180926~SVC*HC:97112:GP*110*14.12**2~DTM*472*20180924~CAS*CO*45*45.88*2~CAS*PR*3*50*2~REF*6R*704325192L620555865~AMT*B6*64.12~SVC*HC:97110:GP*110*56.36**2~DTM*472*20180924~CAS*CO*45*53.64*2~REF*6R*704325192L620555866~AMT*B6*56.36~CLP*225640285*1*220*88.38*25*15*2018271CQ1495~NM1*QC*1*BARTON*GINGER*H***MI*VGD779M90864~NM1*IL*1*BARTON*GINGER*H***MI*VGD779M90864~NM1*74*1*BARTON*GINGER*L~REF*1W*779M90864~DTM*050*20180928~SVC*HC:97140:GP*55*0~DTM*472*20180926~CAS*CO*45*30.53*1~CAS*PR*3*24.47*1~REF*6R*704583570L621235384~AMT*B6*24.47~SVC*HC:97110:GP*110*53.33**2~DTM*472*20180926~CAS*CO*45*56.14*2~CAS*PR*3*.53*2~REF*6R*704583570L621235385~AMT*B6*53.86~SVC*HC:97530:59:GP*55*35.05***HC:97530:GP~DTM*472*20180926~CAS*CO*45*19.95*1~REF*6R*704583570L621235386~AMT*B6*35.05~CLP*225640553*1*220*121.73**12*2018271CQ1496~NM1*QC*1*BLACKWELL*ANNA*B***MI*761M92404~NM1*IL*1*BLACKWELL*ANNA*B***MI*761M92404~NM1*74*1*PITTMAN*RICHARD*B~NM1*82*1*MULLER*DAWN****XX*1356548036~REF*1W*761M92404~DTM*050*20180928~SVC*HC:97112:GP*165*96.17**3~DTM*472*20180926~CAS*CO*45*68.83*3~REF*6R*704583576L621235399~AMT*B6*96.17~SVC*HC:97140:GP*55*25.56~DTM*472*20180926~CAS*CO*45*29.44*1~REF*6R*704583576L621235400~AMT*B6*25.56~CLP*225640406*1*257*112.29*19.82*12*2018271CQ1497~NM1*QC*1*COURTNEY*TRACY****MI*671M92392~NM1*IL*1*COURTNEY*TRACY****MI*671M92392~NM1*74*1*COURTNEY*HOWARD*M~NM1*82*1*MULLER*DAWN****XX*1356548036~REF*1W*671M92392~DTM*050*20180928~SVC*HC:97140:GP*55*21.73~DTM*472*20180926~CAS*CO*45*29.44*1~CAS*PR*2*3.83*1~REF*6R*704583572L621235389~AMT*B6*25.56~SVC*HC:97110:GP*55*23.95~DTM*472*20180926~CAS*CO*45*26.82*1~CAS*PR*2*4.23*1~REF*6R*704583572L621235390~AMT*B6*28.18~SVC*HC:97112:GP*110*54.5**2~DTM*472*20180926~CAS*CO*45*45.88*2~CAS*PR*2*9.62*2~REF*6R*704583572L621235391~AMT*B6*64.12~SVC*HC:97014:GP*37*12.11~DTM*472*20180926~CAS*CO*45*22.75*1~CAS*PR*2*2.14*1~REF*6R*704583572L621235392~AMT*B6*14.25~CLP*225640532*1*220*106.22*10*15*2018271CQ1500~NM1*QC*1*PIERCE*REVA*J***MI*VGD278M91916~REF*1W*278M91916~DTM*050*20180928~SVC*HC:97112:GP*165*81.75**3~DTM*472*20180926~CAS*CO*45*73.25*3~CAS*PR*3*10*3~REF*6R*704583575L621235397~AMT*B6*91.75~SVC*HC:97140:GP*55*24.47~DTM*472*20180926~CAS*CO*45*30.53*1~REF*6R*704583575L621235398~AMT*B6*24.47~CLP*225640387*1*275*102.53*50*15*2018271CQ1501~NM1*QC*1*HIERS*LINDSEY*M***MI*ETZ245A64640~NM1*IL*1*HIERS*LINDSEY*M***MI*ETZ245A64640~NM1*74*1*HIERS*TIMOTHY*F~NM1*82*1*MULLER*DAWN****XX*1356548036~REF*1W*245A64640~DTM*050*20180928~SVC*HC:97112:GP*165*46.17**3~DTM*472*20180926~CAS*CO*45*68.83*3~CAS*PR*3*50*3~REF*6R*704583571L621235387~AMT*B6*96.17~SVC*HC:97110:GP*110*56.36**2~DTM*472*20180926~CAS*CO*45*53.64*2~REF*6R*704583571L621235388~AMT*B6*56.36~CLP*225640567*1*275*147.29**15*2018271CQ1502~NM1*QC*1*LARA*DEBRA****MI*995A68073~NM1*IL*1*LARA*DEBRA****MI*995A68073~NM1*74*1*LARA*DEBRA*W~NM1*82*1*MULLER*DAWN****XX*1356548036~REF*1W*995A68073~DTM*050*20180928~SVC*HC:97112:GP*165*96.17**3~DTM*472*20180926~CAS*CO*45*68.83*3~REF*6R*704583577L621235401~AMT*B6*96.17~SVC*HC:97140:GP*110*51.12**2~DTM*472*20180926~CAS*CO*45*58.88*2~REF*6R*704583577L621235402~AMT*B6*51.12~CLP*225755681*1*165*42.3*50*15*2018274BH4849~NM1*QC*1*HIERS*KRYSTAL****MI*ETZ245A64640~NM1*IL*1*HIERS*KRYSTAL****MI*ETZ245A64640~NM1*74*1*HIERS*TIMOTHY*F~NM1*82*1*MULLER*DAWN****XX*1356548036~REF*1W*245A64640~DTM*050*20181001~SVC*HC:97110:GP*55*0~DTM*472*20180927~CAS*CO*45*26.82*1~CAS*PR*3*28.18*1~REF*6R*704695655L621526549~AMT*B6*28.18~SVC*HC:97112:GP*110*42.3**2~DTM*472*20180927~CAS*CO*45*45.88*2~CAS*PR*3*21.82*2~REF*6R*704695655L621526550~AMT*B6*64.12~CLP*225755851*1*220*0*113.98*12*2018274BH4850~NM1*QC*1*JOHNSON*MELISSA*R***MI*387M94756~NM1*IL*1*JOHNSON*MELISSA*R***MI*387M94756~NM1*74*1*JOHNSON*CHARLES*E~NM1*82*1*MULLER*DAWN****XX*1356548036~REF*1W*387M94756~DTM*050*20181001~SVC*HC:97140:GP*55*0~DTM*472*20180927~CAS*CO*45*29.44*1~CAS*PR*1*25.56*1~REF*6R*704695660L621526570~AMT*B6*25.56~SVC*HC:97110:GP*110*0**2~DTM*472*20180927~CAS*CO*45*53.64*2~CAS*PR*1*56.36*2~REF*6R*704695660L621526571~AMT*B6*56.36~SVC*HC:97112:GP*55*0~DTM*472*20180927~CAS*CO*45*22.94*1~CAS*PR*1*32.06*1~REF*6R*704695660L621526572~AMT*B6*32.06~SE*460*0001~ST*835*0002~BPR*I*655.26*C*ACH*CCP*01*061112788*DA*3359885061*1580469845**01*061209332*DA*1323062*20181005~TRN*1*3384218833*1580469845~REF*EV*WGA~DTM*405*20181003~N1*PR*BLUECROSS BLUESHIELD OF GEORGIA~N3*PO BOX 7368   GA083E-0014~N4*COLUMBUS*GA*31908~PER*CX**TE*8556414862~PER*BL*EDI SOLUTIONS*TE*8004709630*EM*E-SOLUTIONS.SUPPORT@BCBSGA.COM~PER*IC**UR*WWW.BCBSGA.COM~N1*PE*THRIVE PHYSICAL THERAPY*XX*1548438955~N3*511 GORDON AVE~N4*THOMASVILLE*GA*31792~REF*TJ*262288541~LX*1~CLP*225359870*1*220*96.73*25*15*2018269CX6790~NM1*QC*1*ARRINGTON*MORRIS*L***MI*A202W0490~NM1*82*1*MULLER*DAWN****XX*1356548036~REF*1W*A202W0490~DTM*050*20180926~SVC*HC:97112:GP*165*71.17**3~DTM*472*20180924~CAS*CO*45*68.83*3~CAS*PR*3*25*3~REF*6R*704325195L620555872~AMT*B6*96.17~SVC*HC:97140:GP*55*25.56~DTM*472*20180924~CAS*CO*45*29.44*1~REF*6R*704325195L620555873~AMT*B6*25.56~CLP*225360375*1*382*175.09*25*15*2018269CX6791~NM1*QC*1*BARROW*JAMES 'JAY'*M***MI*A177W3883~NM1*IL*1*BARROW*JAMES 'JAY'*M***MI*A177W3883~NM1*74*1*BARROW*DELISA*L~NM1*82*1*MULLER*DAWN****XX*1356548036~REF*1W*A177W3883~DTM*050*20180926~SVC*HC:97161:GP*162*52.07~DTM*472*20180925~CAS*CO*45*84.93*1~CAS*PR*3*25*1~REF*6R*704325868L620557955~AMT*B6*77.07~SVC*HC:97112:GP*55*32.06~DTM*472*20180925~CAS*CO*45*22.94*1~REF*6R*704325868L620557956~AMT*B6*32.06~SVC*HC:97140:GP*55*25.56~DTM*472*20180925~CAS*CO*45*29.44*1~REF*6R*704325868L620557957~AMT*B6*25.56~SVC*HC:97530:59:GP*55*37.22***HC:97530:GP~DTM*472*20180925~CAS*CO*45*17.78*1~REF*6R*704325868L620557958~AMT*B6*37.22~SVC*HC:97110:GP*55*28.18~DTM*472*20180925~CAS*CO*45*26.82*1~REF*6R*704325868L620557959~AMT*B6*28.18~CLP*225359644*1*165*76.34*25*15*2018269CX6793~NM1*QC*1*LANE*MELISSA*R***MI*A219W9538~NM1*IL*1*LANE*MELISSA*R***MI*A219W9538~NM1*74*1*LANE*MELISSA~NM1*82*1*MULLER*DAWN****XX*1356548036~REF*1W*A219W9538~DTM*050*20180926~SVC*HC:97112:GP*110*39.12**2~DTM*472*20180924~CAS*CO*45*45.88*2~CAS*PR*3*25*2~REF*6R*704325188L620555855~AMT*B6*64.12~SVC*HC:97530:59:GP*55*37.22***HC:97530:GP~DTM*472*20180924~CAS*CO*45*17.78*1~REF*6R*704325188L620555856~AMT*B6*37.22~CLP*225640494*1*220*103.23*25*15*2018271CQ1494~NM1*QC*1*HENDERSON*MARGARET 'MEGAN'*P***MI*B028W6301~NM1*IL*1*HENDERSON*MARGARET 'MEGAN'*P***MI*B028W6301~NM1*74*1*HENDERSON*ASHLEY*B~NM1*82*1*MULLER*DAWN****XX*1356548036~REF*1W*B028W6301~DTM*050*20180928~SVC*HC:97112:GP*220*103.23**4~DTM*472*20180926~CAS*CO*45*91.77*4~CAS*PR*3*25*4~REF*6R*704583574L621235396~AMT*B6*128.23~CLP*225755813*1*220*99.35*25*15*2018274BH4851~NM1*QC*1*BARROW*JAMES 'JAY'*M***MI*A177W3883~NM1*IL*1*BARROW*JAMES 'JAY'*M***MI*A177W3883~NM1*74*1*BARROW*DELISA*L~NM1*82*1*MULLER*DAWN****XX*1356548036~REF*1W*A177W3883~DTM*050*20181001~SVC*HC:97112:GP*165*71.17**3~DTM*472*20180927~CAS*CO*45*68.83*3~CAS*PR*3*25*3~REF*6R*704695659L621526568~AMT*B6*96.17~SVC*HC:97110:GP*55*28.18~DTM*472*20180927~CAS*CO*45*26.82*1~REF*6R*704695659L621526569~AMT*B6*28.18~CLP*225755598*1*220*104.52*25*15*2018274BH4852~NM1*QC*1*KEY*BROOKLYN****MI*A234W4023~NM1*82*1*MULLER*DAWN****XX*1356548036~REF*1W*A234W4023~DTM*050*20181001~SVC*HC:97530:59:GP*55*12.22***HC:97530:GP~DTM*472*20180927~CAS*CO*45*17.78*1~CAS*PR*3*25*1~REF*6R*704695651L621526538~AMT*B6*37.22~SVC*HC:97112:GP*110*64.12**2~DTM*472*20180927~CAS*CO*45*45.88*2~REF*6R*704695651L621526539~AMT*B6*64.12~SVC*HC:97110:GP*55*28.18~DTM*472*20180927~CAS*CO*45*26.82*1~REF*6R*704695651L621526540~AMT*B6*28.18~SE*136*0002~GE*2*561843869~IEA*1*561843869~