ISA*00*          *00*          *ZZ*330897513      *ZZ*MEDVERTEXTPT   *181010*1217*^*00501*563741891*0*P*:~GS*HP*330897513*MEDVERTEXTPT*20181010*1217*563741891*X*005010X221A1~ST*835*0001~BPR*I*1618.65*C*ACH*CCP*01*031100209*DA*00000000038975217*1571062326**01*061209332*DA*1323062*20181011~TRN*1*898628934*1571062326~REF*EV*GAF01-723~DTM*405*20181009~N1*PR*PALMETTO GBA~N3*PO BOX 100306~N4*COLUMBIA*SC*292023306~REF*2U*10212~PER*CX*PALMETTO GBA*TE*8775677271~PER*BL**TE*8775677271~N1*PE*THRIVE PHY THER   FITNE*XX*1548438955~N3*511 GORDON AVE~N4*THOMASVILLE*GA*317926645~REF*TJ*262288541~LX*1~CLP*225360431*19*220*87.98*22.45*MB*1118270539970*11*1~NM1*QC*1*BROWN*ANSLEY 'S****MI*259860018C1~NM1*74*1**ANSLEY*S***C*9X46AE7AX41~NM1*82*1******XX*1356548036~NM1*TT*2*BCBS GA FEP*****PI*80250~MOA***MA01*MA18*N793~DTM*050*20180927~SVC*HC:97112:GP*55*20.68~DTM*472*20180925~CAS*CO*45*21.02**253*.42**59*7.6~CAS*PR*2*5.28~REF*LU*11~REF*6R*704325877L620557982~AMT*B6*26.38~LQ*HE*N782~SVC*HC:97110:GP*110*36.77**2~DTM*472*20180925~CAS*CO*45*50.16**253*.75**59*12.94~CAS*PR*2*9.38~REF*LU*11~REF*6R*704325877L620557983~AMT*B6*46.9~LQ*HE*N782~SVC*HC:97530:GP:59*55*30.53~DTM*472*20180925~CAS*CO*45*16.06**253*.62~CAS*PR*2*7.79~REF*LU*11~REF*6R*704325877L620557984~AMT*B6*38.94~LQ*HE*N782~CLP*225360439*19*257.02*92.39*23.57*MB*1118270539940*11*1~NM1*QC*1*CARTER*SHERRI*P***MI*2X69JD9AV51~NM1*82*1******XX*1356548036~NM1*TT*2*GEORGIA MEDICAID*****PI*70039~MOA***MA01*MA07*N793~DTM*050*20180927~SVC*HC:97110:GP*110*36.77**2~DTM*472*20180925~CAS*CO*45*50.16**253*.75**59*12.94~CAS*PR*2*9.38~REF*LU*11~REF*6R*704325878L620557985~AMT*B6*46.9~SVC*HC:97112:GP*110*47.32**2~DTM*472*20180925~CAS*CO*45*42.04**253*.97**59*7.6~CAS*PR*2*12.07~REF*LU*11~REF*6R*704325878L620557986~AMT*B6*60.36~SVC*HC:G0283:GP*37*8.3~DTM*472*20180925~CAS*CO*45*22.69**253*.17**59*3.72~CAS*PR*2*2.12~REF*LU*11~REF*6R*704325878L620557987~AMT*B6*10.59~SVC*HC:G8978:GP:CL*.01*0~DTM*472*20180925~CAS*CO*246*.01~REF*LU*11~REF*6R*704325878L620557988~SVC*HC:G8979:GP:CK*.01*0~DTM*472*20180925~CAS*CO*246*.01~REF*LU*11~REF*6R*704325878L620557989~CLP*225359627*19*165*68.09*17.38*MB*1118270539790*11*1~NM1*QC*1*CHAMBERLIN*CYNTHIA '****MI*1TA3N82VR01~NM1*82*1******XX*1356548036~NM1*TT*2*UMR*****PI*00192~MOA***MA01*MA18*N793~DTM*050*20180927~SVC*HC:97140:GP*55*16.88~DTM*472*20180924~CAS*CO*45*27.81**253*.34**59*5.66~CAS*PR*2*4.31~REF*LU*11~REF*6R*704325198L620555879~AMT*B6*21.53~SVC*HC:97112:GP*55*20.68~DTM*472*20180924~CAS*CO*45*21.02**253*.42**59*7.6~CAS*PR*2*5.28~REF*LU*11~REF*6R*704325198L620555880~AMT*B6*26.38~SVC*HC:97530:GP:59*55*30.53~DTM*472*20180924~CAS*CO*45*16.06**253*.62~CAS*PR*2*7.79~REF*LU*11~REF*6R*704325198L620555881~AMT*B6*38.94~CLP*225359878*19*165*64.2*16.38*MB*1118270539700*11*1~NM1*QC*1*COX*ROXANNA '****MI*266537615A~NM1*74*1**ROXANNE*M***C*9C74YN7HG81~NM1*82*1******XX*1356548036~NM1*TT*2*CHAMPVA-VA HEALTH ADMIN CTR*****PI*80214~MOA***MA01*MA18*N793~DTM*050*20180927~SVC*HC:97140:GP:KX*55*16.88~DTM*472*20180924~CAS*CO*45*27.81**253*.34**59*5.66~CAS*PR*2*4.31~REF*LU*11~REF*6R*704325206L620555906~AMT*B6*21.53~SVC*HC:97112:GP:KX*110*47.32**2~DTM*472*20180924~CAS*CO*45*42.04**253*.97**59*7.6~CAS*PR*2*12.07~REF*LU*11~REF*6R*704325206L620555907~AMT*B6*60.36~CLP*224238898*19*202*72.5*18.5*MB*1118270540000*11*1~NM1*QC*1*COX*ROXANNA '****MI*266537615A~NM1*74*1**ROXANNE*M***C*9C74YN7HG81~NM1*82*1******XX*1356548036~NM1*TT*2*CHAMPVA-VA HEALTH ADMIN CTR*****PI*80214~MOA***MA01*MA18*N793~DTM*050*20180927~SVC*HC:97112:GP:KX*110*47.32**2~DTM*472*20180912~CAS*CO*45*42.04**253*.97**59*7.6~CAS*PR*2*12.07~REF*LU*11~REF*6R*704326182L620559012~AMT*B6*60.36~SVC*HC:G0283:GP:KX*37*8.3~DTM*472*20180912~CAS*CO*45*22.69**253*.17**59*3.72~CAS*PR*2*2.12~REF*LU*11~REF*6R*704326182L620559013~AMT*B6*10.59~SVC*HC:97140:GP:KX*55*16.88~DTM*472*20180912~CAS*CO*45*27.81**253*.34**59*5.66~CAS*PR*2*4.31~REF*LU*11~REF*6R*704326182L620559014~AMT*B6*21.53~CLP*225359653*19*257*97.08*24.77*MB*1118270539760*11*1~NM1*QC*1*DUNAWAY*MARSHALL*C***MI*257509912A~NM1*74*1*DUNAWAY MD*****C*7R01FW1XR31~NM1*82*1******XX*1356548036~NM1*TT*2*AMERICAN CONTINENTAL INSU.*****PI*30074~MOA***MA01*MA18*N793~DTM*050*20180927~SVC*HC:97530:GP:59*55*30.53~DTM*472*20180924~CAS*CO*45*16.06**253*.62~CAS*PR*2*7.79~REF*LU*11~REF*6R*704325199L620555882~AMT*B6*38.94~SVC*HC:97112:GP*110*41.37**2~DTM*472*20180924~CAS*CO*45*42.04**253*.84**59*15.2~CAS*PR*2*10.55~REF*LU*11~REF*6R*704325199L620555883~AMT*B6*52.76~SVC*HC:G0283:GP*37*8.3~DTM*472*20180924~CAS*CO*45*22.69**253*.17**59*3.72~CAS*PR*2*2.12~REF*LU*11~REF*6R*704325199L620555884~AMT*B6*10.59~SVC*HC:97140:GP*55*16.88~DTM*472*20180924~CAS*CO*45*27.81**253*.34**59*5.66~CAS*PR*2*4.31~REF*LU*11~REF*6R*704325199L620555885~AMT*B6*21.53~CLP*225360425*19*165*52.93*13.5*MB*1118270539980*11*1~NM1*QC*1*HAWKINS*HARRIET****MI*515203097D~NM1*74*1***W***C*8C15MW6TM89~NM1*82*1******XX*1356548036~NM1*TT*2*AMERICAN CONTINENTAL INSU.*****PI*30074~MOA***MA01*MA18*N793~DTM*050*20180927~SVC*HC:97110:GP*110*41.85**2~DTM*472*20180925~CAS*CO*45*50.16**253*.85**59*6.47~CAS*PR*2*10.67~REF*LU*11~REF*6R*704325876L620557980~AMT*B6*53.37~SVC*HC:97140:GP*55*11.08~DTM*472*20180925~CAS*CO*45*27.81**253*.23**119*7.39**59*5.66~CAS*PR*2*2.83~REF*LU*11~REF*6R*704325876L620557981~AMT*B6*14.14~LQ*HE*MA13~LQ*HE*N130~CLP*225360386*1*220*81.79*20.87*MB*1118270539930*11*1~NM1*QC*1*HOLLAND*CLARA*C***MI*258499621A~NM1*74*1******C*9FP6G47EQ42~NM1*82*1******XX*1356548036~MOA***MA01*N793~DTM*050*20180927~SVC*HC:97110:GP*165*55.15**3~DTM*472*20180925~CAS*CO*45*75.24**253*1.13**59*19.41~CAS*PR*2*14.07~REF*LU*11~REF*6R*704325874L620557972~AMT*B6*70.35~SVC*HC:97112:GP*55*26.64~DTM*472*20180925~CAS*CO*45*21.02**253*.54~CAS*PR*2*6.8~REF*LU*11~REF*6R*704325874L620557973~AMT*B6*33.98~CLP*225359817*19*327.02*128.29*32.73*MB*1118270539770*11*1~NM1*QC*1*LEWIS*DOROTHY*B***MI*237321503A~NM1*74*1******C*7Q28CR4AW10~NM1*82*1******XX*1356548036~NM1*TT*2*ANTHEM GA*****PI*00566~MOA***MA01*MA18*N793~DTM*050*20180927~SVC*HC:97161:GP*162*64.05~DTM*472*20180924~CAS*CO*45*80.3**253*1.31~CAS*PR*2*16.34~REF*LU*11~REF*6R*704325203L620555893~AMT*B6*81.7~SVC*HC:97530:GP:59*110*43.56**2~DTM*472*20180924~CAS*CO*45*32.12**253*.89**59*22.32~CAS*PR*2*11.11~REF*LU*11~REF*6R*704325203L620555894~AMT*B6*55.56~SVC*HC:97112:GP*55*20.68~DTM*472*20180924~CAS*CO*45*21.02**253*.42**59*7.6~CAS*PR*2*5.28~REF*LU*11~REF*6R*704325203L620555895~AMT*B6*26.38~SVC*HC:G8978:GP:CM*.01*0~DTM*472*20180924~CAS*CO*246*.01~REF*LU*11~REF*6R*704325203L620555896~SVC*HC:G8979:GP:CL*.01*0~DTM*472*20180924~CAS*CO*246*.01~REF*LU*11~REF*6R*704325203L620555897~CLP*225360484*19*165*69.59*17.76*MB*1118270539920*11*1~NM1*QC*1*LUKE*JEANNETTE****MI*255527839A~NM1*74*1***S***C*2AJ2HN9MJ13~NM1*82*1******XX*1356548036~NM1*TT*2*STATE FARM AUTOMOBILE INSUR CO.*****PI*30159~MOA***MA01*MA18*N793~DTM*050*20180927~SVC*HC:97530:GP:59*55*30.53~DTM*472*20180925~CAS*CO*45*16.06**253*.62~CAS*PR*2*7.79~REF*LU*11~REF*6R*704325880L620557991~AMT*B6*38.94~SVC*HC:97110:GP*55*18.38~DTM*472*20180925~CAS*CO*45*25.08**253*.38**59*6.47~CAS*PR*2*4.69~REF*LU*11~REF*6R*704325880L620557992~AMT*B6*23.45~SVC*HC:97112:GP*55*20.68~DTM*472*20180925~CAS*CO*45*21.02**253*.42**59*7.6~CAS*PR*2*5.28~REF*LU*11~REF*6R*704325880L620557993~AMT*B6*26.38~CLP*225359833*19*318.02*125.94*32.13*MB*1118270539750*11*1~NM1*QC*1*MILLER*BARBARA '*E***MI*7EM0D04TE21~NM1*82*1******XX*1356548036~NM1*TT*2*MUTUAL OF OMAHA INSURANCE COMP*****PI*30090~MOA***MA01*MA18*N793~DTM*050*20180927~SVC*HC:97161:GP*162*64.05~DTM*472*20180924~CAS*CO*45*80.3**253*1.31~CAS*PR*2*16.34~REF*LU*11~REF*6R*704325204L620555898~AMT*B6*81.7~SVC*HC:97110:GP*55*18.38~DTM*472*20180924~CAS*CO*45*25.08**253*.38**59*6.47~CAS*PR*2*4.69~REF*LU*11~REF*6R*704325204L620555899~AMT*B6*23.45~SVC*HC:97112:GP*55*20.68~DTM*472*20180924~CAS*CO*45*21.02**253*.42**59*7.6~CAS*PR*2*5.28~REF*LU*11~REF*6R*704325204L620555900~AMT*B6*26.38~SVC*HC:29260:GP*46*22.83~DTM*472*20180924~CAS*CO*45*16.88**253*.47~CAS*PR*2*5.82~REF*LU*11~REF*6R*704325204L620555901~AMT*B6*29.12~SVC*HC:G8984:GP:CL*.01*0~DTM*472*20180924~CAS*CO*246*.01~REF*LU*11~REF*6R*704325204L620555902~SVC*HC:G8985:GP:CK*.01*0~DTM*472*20180924~CAS*CO*246*.01~REF*LU*11~REF*6R*704325204L620555903~CLP*225359912*19*165*61.9*15.8*MB*1118270539800*11*1~NM1*QC*1*MOORE*ROSALBA****MI*260371369A~NM1*74*1******C*5E20Y34YU16~NM1*82*1******XX*1356548036~NM1*TT*2*AMERICAN CONTINENTAL INSU.*****PI*30074~MOA***MA01*MA18*N793~DTM*050*20180927~SVC*HC:97112:GP*55*26.64~DTM*472*20180924~CAS*CO*45*21.02**253*.54~CAS*PR*2*6.8~REF*LU*11~REF*6R*704325209L620555913~AMT*B6*33.98~SVC*HC:97140:GP*55*16.88~DTM*472*20180924~CAS*CO*45*27.81**253*.34**59*5.66~CAS*PR*2*4.31~REF*LU*11~REF*6R*704325209L620555914~AMT*B6*21.53~SVC*HC:97110:GP*55*18.38~DTM*472*20180924~CAS*CO*45*25.08**253*.38**59*6.47~CAS*PR*2*4.69~REF*LU*11~REF*6R*704325209L620555915~AMT*B6*23.45~CLP*225360378*19*165*57.22*14.59*MB*1118270539960*11*1~NM1*QC*1*PALMER*GORDON 'G*L***MI*2E99NN1UG23~NM1*82*1******XX*1356548036~NM1*TT*2*AMERICAN CONTINENTAL INSU.*****PI*30074~MOA***MA01*MA18*N793~DTM*050*20180927~SVC*HC:97110:GP*55*23.46~DTM*472*20180925~CAS*CO*45*25.08**253*.48~CAS*PR*2*5.98~REF*LU*11~REF*6R*704325873L620557970~AMT*B6*29.92~SVC*HC:97140:GP*110*33.76**2~DTM*472*20180925~CAS*CO*45*55.62**253*.69**59*11.32~CAS*PR*2*8.61~REF*LU*11~REF*6R*704325873L620557971~AMT*B6*43.06~CLP*225360475*19*165*68*17.35*MB*1118270539950*11*1~NM1*QC*1*PONZILLO*MARK****MI*6C30YN3FK49~NM1*82*1******XX*1356548036~NM1*TT*2*WPS - TRICARE FOR LIFE*****PI*60000~MOA***MA01*MA18*MA27*N793~DTM*050*20180927~SVC*HC:97112:GP*165*68**3~DTM*472*20180925~CAS*CO*45*63.06**253*1.39**59*15.2~CAS*PR*2*17.35~REF*LU*11~REF*6R*704325879L620557990~AMT*B6*86.74~CLP*225359705*19*165*68*17.35*MB*1118270539740*11*1~NM1*QC*1*POOLE*MARY 'JAN*J***MI*254483706D6~NM1*74*1**MARY****C*7N29EN1EW20~NM1*82*1******XX*1356548036~NM1*TT*2*WPS - TRICARE FOR LIFE*****PI*60000~MOA***MA01*MA18*N793~DTM*050*20180927~SVC*HC:97112:GP*165*68**3~DTM*472*20180924~CAS*CO*45*63.06**253*1.39**59*15.2~CAS*PR*2*17.35~REF*LU*11~REF*6R*704325200L620555886~AMT*B6*86.74~CLP*225360496*19*272.02*103.11*26.31*MB*1118270539990*11*1~NM1*QC*1*POWERS*JEANNIE*D***MI*412867612D~NM1*74*1**JEANNE****C*6FX6RN2QF81~NM1*82*1******XX*1356548036~NM1*TT*2*STATE FARM AUTOMOBILE INSUR CO.*****PI*30159~MOA***MA01*MA18*N793~DTM*050*20180927~SVC*HC:97161:GP*162*64.05~DTM*472*20180925~CAS*CO*45*80.3**253*1.31~CAS*PR*2*16.34~REF*LU*11~REF*6R*704325881L620557994~AMT*B6*81.7~SVC*HC:97110:GP*55*18.38~DTM*472*20180925~CAS*CO*45*25.08**253*.38**59*6.47~CAS*PR*2*4.69~REF*LU*11~REF*6R*704325881L620557995~AMT*B6*23.45~SVC*HC:97112:GP*55*20.68~DTM*472*20180925~CAS*CO*45*21.02**253*.42**59*7.6~CAS*PR*2*5.28~REF*LU*11~REF*6R*704325881L620557996~AMT*B6*26.38~SVC*HC:G8978:GP:CK*.01*0~DTM*472*20180925~CAS*CO*246*.01~REF*LU*11~REF*6R*704325881L620557997~SVC*HC:G8979:GP:CJ*.01*0~DTM*472*20180925~CAS*CO*246*.01~REF*LU*11~REF*6R*704325881L620557998~CLP*225359861*19*220*84.88*21.66*MB*1118270539720*11*1~NM1*QC*1*WARREN*BARBARA*N***MI*253807065A~NM1*74*1******C*9NK5GU4WM56~NM1*82*1******XX*1356548036~NM1*TT*2*AMERICAN CONTINENTAL INSU.*****PI*30074~MOA***MA01*MA18*N793~DTM*050*20180927~SVC*HC:97112:GP*165*68**3~DTM*472*20180924~CAS*CO*45*63.06**253*1.39**59*15.2~CAS*PR*2*17.35~REF*LU*11~REF*6R*704325205L620555904~AMT*B6*86.74~SVC*HC:97140:GP*55*16.88~DTM*472*20180924~CAS*CO*45*27.81**253*.34**59*5.66~CAS*PR*2*4.31~REF*LU*11~REF*6R*704325205L620555905~AMT*B6*21.53~CLP*225359900*1*165*68*17.35*MB*1118270539780*11*1~NM1*QC*1*WATSON*CAROL****MI*346266599A~NM1*74*1***M***C*5AG3ME7HU19~NM1*82*1******XX*1356548036~MOA***MA01*N793~DTM*050*20180927~SVC*HC:97112:GP*165*68**3~DTM*472*20180924~CAS*CO*45*63.06**253*1.39**59*15.2~CAS*PR*2*17.35~REF*LU*11~REF*6R*704325207L620555908~AMT*B6*86.74~CLP*225359805*19*220*87.98*22.45*MB*1118270539710*11*1~NM1*QC*1*WHITE*CARLTON****MI*6RG6U01CA54~NM1*82*1******XX*1356548036~NM1*TT*2*UNITEDHEALTH GROUP*****PI*30002~MOA***MA01*MA18*N793~DTM*050*20180927~SVC*HC:97112:GP*55*20.68~DTM*472*20180924~CAS*CO*45*21.02**253*.42**59*7.6~CAS*PR*2*5.28~REF*LU*11~REF*6R*704325202L620555890~AMT*B6*26.38~SVC*HC:97110:GP*110*36.77**2~DTM*472*20180924~CAS*CO*45*50.16**253*.75**59*12.94~CAS*PR*2*9.38~REF*LU*11~REF*6R*704325202L620555891~AMT*B6*46.9~SVC*HC:97530:GP:59*55*30.53~DTM*472*20180924~CAS*CO*45*16.06**253*.62~CAS*PR*2*7.79~REF*LU*11~REF*6R*704325202L620555892~AMT*B6*38.94~CLP*225359768*19*220*78.78*20.1*MB*1118270539730*11*1~NM1*QC*1*WHITE*KATHRYN*A***MI*1MT2MH4XQ05~NM1*82*1******XX*1356548036~NM1*TT*2*ANTHEM GA*****PI*00566~MOA***MA01*MA18*N793~DTM*050*20180927~SVC*HC:97140:GP*110*33.76**2~DTM*472*20180924~CAS*CO*45*55.62**253*.69**59*11.32~CAS*PR*2*8.61~REF*LU*11~REF*6R*704325201L620555887~AMT*B6*43.06~SVC*HC:97110:GP*55*18.38~DTM*472*20180924~CAS*CO*45*25.08**253*.38**59*6.47~CAS*PR*2*4.69~REF*LU*11~REF*6R*704325201L620555888~AMT*B6*23.45~SVC*HC:97112:GP*55*26.64~DTM*472*20180924~CAS*CO*45*21.02**253*.54~CAS*PR*2*6.8~REF*LU*11~REF*6R*704325201L620555889~AMT*B6*33.98~SE*550*0001~ST*835*0002~BPR*I*48.26*C*ACH*CCP*01*031100209*DA*00000000038975217*1571062326**01*061209332*DA*1323062*20181011~TRN*1*898628935*1571062326~REF*EV*GAF01-723~DTM*405*20181009~N1*PR*PALMETTO GBA~N3*PO BOX 100306~N4*COLUMBIA*SC*292023306~REF*2U*10212~PER*CX*PALMETTO GBA*TE*8775677271~PER*BL**TE*8775677271~N1*PE*THRIVE PHY THER   FITNE*XX*1548438955~N3*511 GORDON AVE~N4*THOMASVILLE*GA*317926645~REF*TJ*262288541~PLB*1548438955*20181231*72:7218282000080*-48.26~SE*17*0002~GE*2*563741891~IEA*1*563741891~