ISA*00*          *00*          *ZZ*330897513      *ZZ*MEDVERTEXTPT   *181011*1206*^*00501*563949494*0*P*:~GS*HP*330897513*MEDVERTEXTPT*20181011*1206*563949494*X*005010X221A1~ST*835*0001~BPR*I*16.18*C*ACH*CCP*01*061000052*DA*3359480822*1580469845**01*061209332*DA*1323062*20181012~TRN*1*3384630219*1580469845~REF*EV*FEP~DTM*405*20181010~N1*PR*BCBS FEP~N3*PO BOX 7368   GA083E-0014~N4*COLUMBUS*GA*31908~PER*CX**TE*8002822473~PER*BL*EDI SOLUTIONS*TE*8004709630*EM*E-SOLUTIONS.SUPPORT@BCBSGA.COM~PER*IC**UR*WWW.BCBSGA.COM~N1*PE*THRIVE PHYSICAL THERAPY   FITN*XX*1548438955~N3*511 GORDON AVE~N4*THOMASVILLE*GA*31792~REF*TJ*262288541~LX*1~CLP*224626603*2*165*16.18**12*18278Y076179BA*11~NM1*QC*1*BROWN*ANSLEY****MI*R58176814~NM1*IL*1*BROWN*BOBBY*E***MI*R58176814~DTM*050*20181005~SVC*HC:97112:GP*55*6.8~DTM*472*20180918~CAS*CO*45*21.56~CAS*OA*23*26.64~REF*6R*703638620L618758209~AMT*B6*33.44~SVC*HC:97110:GP*110*9.38**2~DTM*472*20180918~CAS*CO*45*63.85~CAS*OA*23*36.77~REF*6R*703638620L618758210~AMT*B6*46.15~SE*33*0001~ST*835*0002~BPR*I*413.86*C*ACH*CCP*01*061112788*DA*3359885061*1580469845**01*061209332*DA*1323062*20181012~TRN*1*3384630221*1580469845~REF*EV*WGA~DTM*405*20181010~N1*PR*BLUECROSS BLUESHIELD OF GEORGIA~N3*PO BOX 7368   GA083E-0014~N4*COLUMBUS*GA*31908~PER*CX**TE*8556414862~PER*BL*EDI SOLUTIONS*TE*8004709630*EM*E-SOLUTIONS.SUPPORT@BCBSGA.COM~PER*IC**UR*WWW.BCBSGA.COM~N1*PE*THRIVE PHYSICAL THERAPY*XX*1548438955~N3*511 GORDON AVE~N4*THOMASVILLE*GA*31792~REF*TJ*262288541~LX*1~CLP*225976878*1*220*103.23*25*15*2018275CO2577~NM1*QC*1*ARRINGTON*MORRIS*L***MI*A202W0490~NM1*82*1*MULLER*DAWN****XX*1356548036~REF*1W*A202W0490~DTM*050*20181002~SVC*HC:97112:GP*220*103.23**4~DTM*472*20180928~CAS*CO*45*91.77*4~CAS*PR*3*25*4~REF*6R*704910002L622084483~AMT*B6*128.23~CLP*225978782*1*165*64.68*25*15*2018275CO2582~NM1*QC*1*LANE*MELISSA*R***MI*A219W9538~NM1*IL*1*LANE*MELISSA*R***MI*A219W9538~NM1*74*1*LANE*MELISSA~NM1*82*1*MULLER*DAWN****XX*1356548036~REF*1W*A219W9538~DTM*050*20181002~SVC*HC:97112:GP*110*39.12**2~DTM*472*20181001~CAS*CO*45*45.88*2~CAS*PR*3*25*2~REF*6R*704912341L622091413~AMT*B6*64.12~SVC*HC:97140:GP*55*25.56~DTM*472*20181001~CAS*CO*45*29.44*1~REF*6R*704912341L622091414~AMT*B6*25.56~CLP*226122906*1*275*117.16*25*15*2018277BJ3818~NM1*QC*1*BARROW*JAMES 'JAY'*M***MI*A177W3883~NM1*IL*1*BARROW*JAMES 'JAY'*M***MI*A177W3883~NM1*74*1*BARROW*DELISA*L~NM1*82*1*MULLER*DAWN****XX*1356548036~REF*1W*A177W3883~DTM*050*20181003~SVC*HC:97112:GP*55*7.06~DTM*472*20181002~CAS*CO*45*22.94*1~CAS*PR*3*25*1~REF*6R*705046831L622441022~AMT*B6*32.06~SVC*HC:97110:GP*165*84.54**3~DTM*472*20181002~CAS*CO*45*80.46*3~REF*6R*705046831L622441023~AMT*B6*84.54~SVC*HC:97140:GP*55*25.56~DTM*472*20181002~CAS*CO*45*29.44*1~REF*6R*705046831L622441024~AMT*B6*25.56~CLP*226405634*1*275*128.79*25*15*2018278CR3995~NM1*QC*1*HENDERSON*MARGARET 'MEGAN'*P***MI*B028W6301~NM1*IL*1*HENDERSON*MARGARET 'MEGAN'*P***MI*B028W6301~NM1*74*1*HENDERSON*ASHLEY*B~NM1*82*1*MULLER*DAWN****XX*1356548036~REF*1W*B028W6301~DTM*050*20181005~SVC*HC:97112:GP*220*103.23**4~DTM*472*20181003~CAS*CO*45*91.77*4~CAS*PR*3*25*4~REF*6R*705308134L623118758~AMT*B6*128.23~SVC*HC:97140:GP*55*25.56~DTM*472*20181003~CAS*CO*45*29.44*1~REF*6R*705308134L623118759~AMT*B6*25.56~CLP*226405496*1*165*0*76.68*15*2018278CR4003~NM1*QC*1*CREWS*ASHLEY*S***MI*A228W4508~NM1*IL*1*CREWS*ASHLEY*S***MI*A228W4508~NM1*74*1*CREWS*MATTHEW~NM1*82*1*MULLER*DAWN****XX*1356548036~REF*1W*A228W4508~DTM*050*20181005~SVC*HC:97140:GP*165*0**3~DTM*472*20181003~CAS*CO*45*88.32*3~CAS*PR*1*76.68*3~REF*6R*705308132L623118755~AMT*B6*76.68~SE*100*0002~ST*835*0003~BPR*I*1830.75*C*ACH*CCP*01*061000052*DA*3299782716*1580469845**01*061209332*DA*1323062*20181012~TRN*1*3384630220*1580469845~REF*EV*WGA~DTM*405*20181010~N1*PR*BLUECROSS BLUESHIELD OF GEORGIA~N3*PO BOX 7368   GA083E-0014~N4*COLUMBUS*GA*31908~PER*CX**TE*8335972363~PER*BL*EDI SOLUTIONS*TE*8004709630*EM*E-SOLUTIONS.SUPPORT@BCBSGA.COM~PER*IC**UR*WWW.BCBSGA.COM~N1*PE*THRIVE PHYSICAL THERAPY*XX*1548438955~N3*511 GORDON AVE~N4*THOMASVILLE*GA*31792~REF*TJ*262288541~LX*1~CLP*224449955*1*160*115.4**12*2018262BM2523~NM1*QC*1*ABELL*ROXANNE*O***MI*XDL270A74461~NM1*82*1*MULLER*DAWN****XX*1356548036~REF*1W*270A74461~DTM*050*20180919~SVC*HC:97530:59:GP*55*37.22***HC:97530:GP~DTM*472*20180914~CAS*CO*45*17.78*1~REF*6R*703474433L618330467~AMT*B6*37.22~SVC*HC:90911:GP*50*50~DTM*472*20180914~REF*6R*703474433L618330468~AMT*B6*50~SVC*HC:97110:59:GP*55*28.18***HC:97110:GP~DTM*472*20180914~CAS*CO*45*26.82*1~REF*6R*703474433L618330469~AMT*B6*28.18~CLP*225755638*1*210*145.07**12*2018274BH4853~NM1*QC*1*ABELL*ROXANNE*O***MI*XDL270A74461~NM1*82*1*MULLER*DAWN****XX*1356548036~REF*1W*270A74461~DTM*050*20181001~SVC*HC:97530:59:GP*55*37.22***HC:97530:GP~DTM*472*20180927~CAS*CO*45*17.78*1~REF*6R*704695654L621526546~AMT*B6*37.22~SVC*HC:90911:GP*100*79.67~DTM*472*20180927~CAS*CO*45*20.33*1~REF*6R*704695654L621526547~AMT*B6*79.67~SVC*HC:97110:59:GP*55*28.18***HC:97110:GP~DTM*472*20180927~CAS*CO*45*26.82*1~REF*6R*704695654L621526548~AMT*B6*28.18~CLP*225976744*1*220*111.36**12*2018275CO2576~NM1*QC*1*ABELL*ROXANNE*O***MI*XDL270A74461~NM1*82*1*MULLER*DAWN****XX*1356548036~REF*1W*270A74461~DTM*050*20181002~SVC*HC:97140:GP*110*51.12**2~DTM*472*20180928~CAS*CO*45*58.88*2~REF*6R*704910000L622084478~AMT*B6*51.12~SVC*HC:97112:GP*55*32.06~DTM*472*20180928~CAS*CO*45*22.94*1~REF*6R*704910000L622084479~AMT*B6*32.06~SVC*HC:97110:GP*55*28.18~DTM*472*20180928~CAS*CO*45*26.82*1~REF*6R*704910000L622084480~AMT*B6*28.18~CLP*225978183*1*220*107.48**HM*2018275CO2578~NM1*QC*1*ZAPATA*YNEZ****MI*JRA027M92092~NM1*IL*1*ZAPATA*YNEZ****MI*JRA027M92092~NM1*74*1*ZAPATA*MARCELINO~NM1*82*1*MULLER*DAWN****XX*1356548036~REF*1W*027M92092~DTM*050*20181002~SVC*HC:97110:GP*110*56.36**2~DTM*472*20181001~CAS*CO*45*53.64*2~REF*6R*704912338L622091407~AMT*B6*56.36~SVC*HC:97140:GP*110*51.12**2~DTM*472*20181001~CAS*CO*45*58.88*2~REF*6R*704912338L622091408~AMT*B6*51.12~CLP*225978146*1*165*93.58**13*2018275CO2580~NM1*QC*1*SHEA*LAURA****MI*XKU376A64627~NM1*IL*1*SHEA*LAURA****MI*XKU376A64627~NM1*74*1*SHEA*MICHAEL~NM1*82*1*MULLER*DAWN****XX*1356548036~REF*1W*376A64627~DTM*050*20181002~SVC*HC:97110:GP*110*56.36**2~DTM*472*20181001~CAS*CO*45*53.64*2~REF*6R*704912336L622091403~AMT*B6*56.36~SVC*HC:97530:59:GP*55*37.22***HC:97530:GP~DTM*472*20181001~CAS*CO*45*17.78*1~REF*6R*704912336L622091404~AMT*B6*37.22~CLP*226405158*1*220*0*117.86*13*2018278CR3994~NM1*QC*1*HAMIL*JEANNE****MI*107A68542~NM1*IL*1*HAMIL*JEANNE****MI*107A68542~NM1*74*1*HAMIL*WILLIAM*G~NM1*82*1*MULLER*DAWN****XX*1356548036~REF*1W*107A68542~DTM*050*20181005~SVC*HC:97110:GP*55*0~DTM*472*20181003~CAS*CO*45*26.82*1~CAS*PR*1*28.18*1~REF*6R*705308127L623118739~AMT*B6*28.18~SVC*HC:97140:GP*55*0~DTM*472*20181003~CAS*CO*45*29.44*1~CAS*PR*1*25.56*1~REF*6R*705308127L623118740~AMT*B6*25.56~SVC*HC:97112:GP*110*0**2~DTM*472*20181003~CAS*CO*45*45.88*2~CAS*PR*1*64.12*2~REF*6R*705308127L623118741~AMT*B6*64.12~CLP*225640447*1*202*103.93**12*2018271CQ1499~NM1*QC*1*PITTMAN*JAMIE****MI*761M92404~NM1*IL*1*PITTMAN*JAMIE****MI*761M92404~NM1*74*1*PITTMAN*RICHARD*B~NM1*82*1*MULLER*DAWN****XX*1356548036~REF*1W*761M92404~DTM*050*20180928~SVC*HC:97140:GP*55*25.56~DTM*472*20180926~CAS*CO*45*29.44*1~REF*6R*704583573L621235393~AMT*B6*25.56~SVC*HC:97112:GP*110*64.12**2~DTM*472*20180926~CAS*CO*45*45.88*2~REF*6R*704583573L621235394~AMT*B6*64.12~SVC*HC:97014:GP*37*14.25~DTM*472*20180926~CAS*CO*45*22.75*1~REF*6R*704583573L621235395~AMT*B6*14.25~CLP*225978177*1*220*74.35*50*15*2018275CO2579~NM1*QC*1*HIERS*LINDSEY*M***MI*ETZ245A64640~NM1*IL*1*HIERS*LINDSEY*M***MI*ETZ245A64640~NM1*74*1*HIERS*TIMOTHY*F~NM1*82*1*MULLER*DAWN****XX*1356548036~REF*1W*245A64640~DTM*050*20181002~SVC*HC:97112:GP*165*46.17**3~DTM*472*20181001~CAS*CO*45*68.83*3~CAS*PR*3*50*3~REF*6R*704912337L622091405~AMT*B6*96.17~SVC*HC:97110:GP*55*28.18~DTM*472*20181001~CAS*CO*45*26.82*1~REF*6R*704912337L622091406~AMT*B6*28.18~CLP*225976984*1*327*129.93*43.31*12*2018275CO2581~NM1*QC*1*PITTMAN*RICHARD BRUCE****MI*761M92404~NM1*IL*1*PITTMAN*RICHARD BRUCE****MI*761M92404~NM1*74*1*PITTMAN*RICHARD*B~NM1*82*1*MULLER*DAWN****XX*1356548036~REF*1W*761M92404~DTM*050*20181002~SVC*HC:97161:GP*162*57.8~DTM*472*20180928~CAS*CO*45*84.93*1~CAS*PR*2*19.27*1~REF*6R*704910003L622084484~AMT*B6*77.07~SVC*HC:97112:GP*165*72.13**3~DTM*472*20180928~CAS*CO*45*68.83*3~CAS*PR*2*24.04*3~REF*6R*704910003L622084485~AMT*B6*96.17~CLP*225976816*1*220*121.73**15*2018275CO2583~NM1*QC*1*BRANDON*TINA*M***MI*977A69216~NM1*IL*1*BRANDON*TINA*M***MI*977A69216~NM1*74*1*BRANDON*CLAUDE W~NM1*82*1*MULLER*DAWN****XX*1356548036~REF*1W*977A69216~DTM*050*20181002~SVC*HC:97112:GP*165*96.17**3~DTM*472*20180928~CAS*CO*45*68.83*3~REF*6R*704910001L622084481~AMT*B6*96.17~SVC*HC:97140:GP*55*25.56~DTM*472*20180928~CAS*CO*45*29.44*1~REF*6R*704910001L622084482~AMT*B6*25.56~CLP*226123278*1*220*128.23**12*2018277BJ3817~NM1*QC*1*BLACKWELL*ANNA*B***MI*761M92404~NM1*IL*1*BLACKWELL*ANNA*B***MI*761M92404~NM1*74*1*PITTMAN*RICHARD*B~NM1*82*1*MULLER*DAWN****XX*1356548036~REF*1W*761M92404~DTM*050*20181003~SVC*HC:97112:GP*220*128.23**4~DTM*472*20181002~CAS*CO*45*91.77*4~REF*6R*705046834L622441030~AMT*B6*128.23~CLP*226405615*1*165*67.26*22.42*12*2018278CR3991~NM1*QC*1*PITTMAN*RICHARD BRUCE****MI*761M92404~NM1*IL*1*PITTMAN*RICHARD BRUCE****MI*761M92404~NM1*74*1*PITTMAN*RICHARD*B~NM1*82*1*MULLER*DAWN****XX*1356548036~REF*1W*761M92404~DTM*050*20181005~SVC*HC:97112:GP*110*48.09**2~DTM*472*20181003~CAS*CO*45*45.88*2~CAS*PR*2*16.03*2~REF*6R*705308133L623118756~AMT*B6*64.12~SVC*HC:97140:GP*55*19.17~DTM*472*20181003~CAS*CO*45*29.44*1~CAS*PR*2*6.39*1~REF*6R*705308133L623118757~AMT*B6*25.56~CLP*226405747*1*275*152.46**15*2018278CR3992~NM1*QC*1*LARA*DEBRA****MI*995A68073~NM1*IL*1*LARA*DEBRA****MI*995A68073~NM1*74*1*LARA*DEBRA*W~NM1*82*1*MULLER*DAWN****XX*1356548036~REF*1W*995A68073~DTM*050*20181005~SVC*HC:97112:GP*110*64.12**2~DTM*472*20181003~CAS*CO*45*45.88*2~REF*6R*705308136L623118764~AMT*B6*64.12~SVC*HC:97140:GP*110*51.12**2~DTM*472*20181003~CAS*CO*45*58.88*2~REF*6R*705308136L623118765~AMT*B6*51.12~SVC*HC:97530:59:GP*55*37.22***HC:97530:GP~DTM*472*20181003~CAS*CO*45*17.78*1~REF*6R*705308136L623118766~AMT*B6*37.22~CLP*226407476*1*220*65.24*50*15*2018278CR3993~NM1*QC*1*HIERS*KRYSTAL****MI*ETZ245A64640~NM1*IL*1*HIERS*KRYSTAL****MI*ETZ245A64640~NM1*74*1*HIERS*TIMOTHY*F~NM1*82*1*MULLER*DAWN****XX*1356548036~REF*1W*245A64640~DTM*050*20181005~SVC*HC:97112:GP*110*14.12**2~DTM*472*20181004~CAS*CO*45*45.88*2~CAS*PR*3*50*2~REF*6R*705309983L623124745~AMT*B6*64.12~SVC*HC:97140:GP*110*51.12**2~DTM*472*20181004~CAS*CO*45*58.88*2~REF*6R*705309983L623124746~AMT*B6*51.12~CLP*226405685*1*220.02*115.24**15*2018278CR3997~NM1*QC*1*BRANDON*TINA*M***MI*977A69216~NM1*IL*1*BRANDON*TINA*M***MI*977A69216~NM1*74*1*BRANDON*CLAUDE W~NM1*82*1*MULLER*DAWN****XX*1356548036~REF*1W*977A69216~DTM*050*20181005~SVC*HC:97112:GP*110*64.12**2~DTM*472*20181003~CAS*CO*45*45.88*2~REF*6R*705308135L623118760~AMT*B6*64.12~SVC*HC:97140:GP*110*51.12**2~DTM*472*20181003~CAS*CO*45*58.88*2~REF*6R*705308135L623118761~AMT*B6*51.12~SVC*HC:G8978:GP:CJ*.01*0***HC:G8978:CJ~DTM*472*20181003~CAS*CO*97*.01*1~REF*6R*705308135L623118762~LQ*HE*N19~SVC*HC:G8979:GP:CJ*.01*0***HC:G8979:CJ~DTM*472*20181003~CAS*CO*97*.01*1~REF*6R*705308135L623118763~LQ*HE*N19~CLP*226407374*1*201*90.45*25*15*2018278CR3999~NM1*QC*1*BARTON*GINGER*H***MI*VGD779M90864~NM1*IL*1*BARTON*GINGER*H***MI*VGD779M90864~NM1*74*1*BARTON*GINGER*L~REF*1W*779M90864~DTM*050*20181005~SVC*HC:97110:GP*110*28.86**2~DTM*472*20181004~CAS*CO*45*56.14*2~CAS*PR*3*25*2~REF*6R*705309979L623124733~AMT*B6*53.86~SVC*HC:97530:59:GP*55*35.05***HC:97530:GP~DTM*472*20181004~CAS*CO*45*19.95*1~REF*6R*705309979L623124734~AMT*B6*35.05~SVC*HC:97124:GP*36*26.54~DTM*472*20181004~CAS*CO*45*9.46*1~REF*6R*705309979L623124735~AMT*B6*26.54~CLP*226405367*1*220*129.52**15*2018278CR4000~NM1*QC*1*ARRASTIA CHISHOLM*MEAGAN****MI*483M80960~NM1*IL*1*ARRASTIA CHISHOLM*MEAGAN****MI*483M80960~NM1*74*1*ARRASTIA-CHISHOL*MEAGAN*C~NM1*82*1*MULLER*DAWN****XX*1356548036~REF*1W*483M80960~DTM*050*20181005~SVC*HC:97110:GP*55*28.18~DTM*472*20181003~CAS*CO*45*26.82*1~REF*6R*705308130L623118748~AMT*B6*28.18~SVC*HC:97112:GP*110*64.12**2~DTM*472*20181003~CAS*CO*45*45.88*2~REF*6R*705308130L623118749~AMT*B6*64.12~SVC*HC:97530:59:GP*55*37.22***HC:97530:GP~DTM*472*20181003~CAS*CO*45*17.78*1~REF*6R*705308130L623118750~AMT*B6*37.22~CLP*226405348*1*220*79.52*50*15*2018278CR4001~NM1*QC*1*HIERS*LINDSEY*M***MI*ETZ245A64640~NM1*IL*1*HIERS*LINDSEY*M***MI*ETZ245A64640~NM1*74*1*HIERS*TIMOTHY*F~NM1*82*1*MULLER*DAWN****XX*1356548036~REF*1W*245A64640~DTM*050*20181005~SVC*HC:97112:GP*110*14.12**2~DTM*472*20181003~CAS*CO*45*45.88*2~CAS*PR*3*50*2~REF*6R*705308129L623118745~AMT*B6*64.12~SVC*HC:97110:GP*55*28.18~DTM*472*20181003~CAS*CO*45*26.82*1~REF*6R*705308129L623118746~AMT*B6*28.18~SVC*HC:97530:59:GP*55*37.22***HC:97530:GP~DTM*472*20181003~CAS*CO*45*17.78*1~REF*6R*705308129L623118747~AMT*B6*37.22~SE*376*0003~GE*3*563949494~IEA*1*563949494~