ISA*00*          *00*          *ZZ*330897513      *ZZ*BFONTANE       *220304*1224*^*00501*928425265*0*P*:~GS*HP*330897513*BFONTANE*20220304*1224*928425265*X*005010X221A1~ST*835*0001~BPR*I*191.91*C*ACH*CCP*01*042100272*DA*7480795058*1591031071**01*021100361*DA*449726046*20220304~TRN*1*600200350540*1591031071~REF*EV*330897513~REF*F2*GWFC~DTM*405*20220301~N1*PR*GREATWESTHEALTHCARE-CIGNA~N3*8505 E. ORCHARD RD~N4*GREENWOOD VILLAGE*CO*80111~REF*2U*80705~PER*BL*EDI HELP DESK*TE*8008103388~PER*CX*GWHC_EDIPROD*EM*EDIESCALATEDREQUESTS@CIGNA.COM*TE*8008103388~N1*PE*BARBARA FONTANE*XX*1205801511~N3*1623 3RD AVE*STE 201~N4*NEW YORK*NY*101283638~REF*PQ*200050684072~REF*TJ*611723289~LX*1~TS3*1205801511*02*20221231*1*570~CLP*360078513*1*570*191.91*15*13*220545867200*02*1~NM1*QC*1*ADEIGBOLA*KWAKU****MI*10483607200~REF*1L*00624816~REF*CE*OPEN ACCESS PLUS~DTM*232*20220224~DTM*233*20220224~DTM*050*20220228~AMT*AU*206.91~SVC*HC:99214:95*270*82.91~CAS*CO*45*172.09~CAS*PR*3*15~REF*APC*0~REF*6R*832988277L953143361~AMT*B6*97.91~SVC*HC:90838:95*300*109~CAS*CO*45*191~REF*APC*0~REF*6R*832988277L953143362~AMT*B6*109~SE*39*0001~GE*1*928425265~IEA*1*928425265~