ISA*00*          *00*          *ZZ*330897513      *ZZ*AAMA           *211006*0756*^*00501*878947668*0*P*:~GS*HP*330897513*AAMA*20211006*0756*878947668*X*005010X221A1~ST*835*0001~BPR*H*0*C*NON************20211005~TRN*1*635360134*1860004538~DTM*405*20211005~N1*PR*BLUE CROSS AND BLUE SHIELD OF ARIZONA, INC.~N3*P.O. BOX 13466~N4*PHOENIX*AZ*850023466~PER*BL*ESOLUTIONS BCBSAZ*TE*6028644844*TE*8006505656~N1*PE*AFROZA AHMED MD*XX*1104284595~N3*1130 E MISSOURI AVE~N4*PHOENIX*AZ*85014~REF*TJ*813619094~LX*1~CLP*1167006029*4*175*0**12*530212752353600~NM1*QC*1*ELSE*LAUREN****MI*JZH123798472001~NM1*IL*1*ELSE*LAUREN****MI*JZH123798472001~NM1*74*1**ROBERT~REF*1L*000ITS001~REF*1W*JZH12379847200100~DTM*050*20211001~PER*CX**TE*6028644320*TE*8002322345*EX*4320~SVC*HC:90837:95*175*0~DTM*472*20210830~CAS*OA*18*175~REF*6R*6962844629~SE*26*0001~GE*1*878947668~IEA*1*878947668~