ISA*00*          *00*          *ZZ*330897513      *ZZ*AAMA           *211006*0757*^*00501*878947924*0*P*:~GS*HP*330897513*AAMA*20211006*0757*878947924*X*005010X221A1~ST*835*0001~BPR*H*0*C*NON************20211005~TRN*1*635363045*1860004538~DTM*405*20211005~N1*PR*BLUE CROSS AND BLUE SHIELD OF ARIZONA, INC.~N3*P.O. BOX 13466~N4*PHOENIX*AZ*850023466~PER*BL*ESOLUTIONS BCBSAZ*TE*6028644844*TE*8006505656~N1*PE*AFROZA AHMED MD*XX*1104284595~N3*1130 E MISSOURI AVE~N4*PHOENIX*AZ*85014~REF*TJ*813619094~LX*1~CLP*8898368421*4*175*0**12*001150760730200*02~NM1*QC*1*SHAHREEN*RUSAFA****MI*XBP852156675~NM1*IL*1*SHAHREEN*RUSAFA****MI*XBP852156675~REF*1L*051503~REF*1W*XBP85215667501~DTM*050*20211001~PER*CX**TE*6028644320*TE*8002322345*EX*4320~SVC*HC:90837:95*175*0~DTM*472*20210904~CAS*OA*18*175~REF*6R*4391854721~LX*2~CLP*1296716588*4*175*0**12*001150760730700*02~NM1*QC*1*STEWART*HANNA****MI*XBM851876959~NM1*IL*1*STEWART*HANNA****MI*XBM851876959~REF*1L*035286~REF*1W*XBM85187695901~DTM*050*20211001~PER*CX**TE*6028644320*TE*8002322345*EX*4320~SVC*HC:90837:95*175*0~DTM*472*20210902~CAS*OA*18*175~REF*6R*1049768853~LX*3~CLP*3927999339*4*175*0**12*001150760731200*02~NM1*QC*1*VILLA*ESTELLA****MI*XBM850878134~NM1*IL*1*VILLA*ESTELLA****MI*XBM850878134~REF*1L*035320~REF*1W*XBM85087813401~DTM*050*20211001~PER*CX**TE*6028644320*TE*8002322345*EX*4320~SVC*HC:90837:95*175*0~DTM*472*20210902~CAS*CO*45*8.19~CAS*OA*18*166.81~REF*6R*2621942953~LX*4~CLP*1194311347*4*175*0**12*001150760731300*02~NM1*QC*1*LEE*DEBBRA****MI*PXO850354851~NM1*IL*1*LEE*DEBBRA****MI*PXO850354851~NM1*74*1**BRIAN~REF*1L*040000~REF*1W*PXO85035485102~DTM*050*20211001~PER*CX**TE*6028644320*TE*8002322345*EX*4320~SVC*HC:90837:95*175*0~DTM*472*20210902~CAS*OA*18*175~REF*6R*5125682073~SE*63*0001~GE*1*878947924~IEA*1*878947924~